<record><leader>00000cas a22000007a 4500</leader><controlfield tag="001">9293723</controlfield><controlfield tag="008">830309d19081933inuwr ne      0    0eng  </controlfield><datafield ind1=" " ind2=" " tag="010"><subfield code="a">sn 82016337 </subfield></datafield><datafield ind1=" " ind2=" " tag="040"><subfield code="a">DLC</subfield><subfield code="b">eng</subfield><subfield code="c">DLC</subfield><subfield code="d">NPI</subfield><subfield code="d">DLC</subfield><subfield code="d">NPI</subfield><subfield code="d">OCLCQ</subfield><subfield code="d">IUL</subfield><subfield code="d">OCLCF</subfield></datafield><datafield ind1="1" ind2=" " tag="029"><subfield code="a">AU@</subfield><subfield code="b">000020442795</subfield></datafield><datafield ind1=" " ind2=" " tag="042"><subfield code="a">msc</subfield></datafield><datafield ind1=" " ind2=" " tag="043"><subfield code="a">n-us-in</subfield></datafield><datafield ind1="0" ind2="0" tag="050"><subfield code="a">Newspaper 7002</subfield></datafield><datafield ind1="0" ind2="4" tag="245"><subfield code="a">The Oxford gazette.</subfield></datafield><datafield ind1=" " ind2=" " tag="260"><subfield code="a">Oxford, Benton County, Ind. :</subfield><subfield code="b">Craw &amp; Craw,</subfield><subfield code="c">-1933.</subfield></datafield><datafield ind1=" " ind2=" " tag="300"><subfield code="a">25 v. :</subfield><subfield code="b">ill. ;</subfield><subfield code="c">61 cm.</subfield></datafield><datafield ind1=" " ind2=" " tag="310"><subfield code="a">Weekly</subfield></datafield><datafield ind1="1" ind2=" " tag="362"><subfield code="a">Began in 1908.</subfield></datafield><datafield ind1="0" ind2=" " tag="362"><subfield code="a">-v. 25, no. 28 (Apr. 21, 1933).</subfield></datafield><datafield ind1=" " ind2=" " tag="500"><subfield code="a">"Republican."</subfield></datafield><datafield ind1=" " ind2=" " tag="588"><subfield code="a">Description based on: Vol. 2, no. 14 (Jan. 7, 1909 [i.e. 1910]).</subfield></datafield><datafield ind1=" " ind2="0" tag="651"><subfield code="a">Oxford (Ind.)</subfield><subfield code="v">Newspapers.</subfield></datafield><datafield ind1=" " ind2="0" tag="651"><subfield code="a">Benton County (Ind.)</subfield><subfield code="v">Newspapers.</subfield></datafield><datafield ind1=" " ind2="7" tag="651"><subfield code="a">Indiana</subfield><subfield code="z">Benton County.</subfield><subfield code="2">fast</subfield><subfield code="0">(OCoLC)fst01230178</subfield></datafield><datafield ind1=" " ind2="7" tag="651"><subfield code="a">Indiana</subfield><subfield code="z">Oxford.</subfield><subfield code="2">fast</subfield><subfield code="0">(OCoLC)fst01230988</subfield></datafield><datafield ind1=" " ind2="7" tag="655"><subfield code="a">Newspapers.</subfield><subfield code="2">fast</subfield><subfield code="0">(OCoLC)fst01423814</subfield></datafield><datafield ind1=" " ind2=" " tag="752"><subfield code="a">United States</subfield><subfield code="b">Indiana</subfield><subfield code="c">Benton</subfield><subfield code="d">Oxford.</subfield></datafield><datafield ind1="0" ind2="5" tag="780"><subfield code="t">Oxford tribune (Oxford, Ind. : 1886)</subfield><subfield code="g">1910</subfield><subfield code="w">(DLC)sn 87055514</subfield><subfield code="w">(OCoLC)15539423</subfield></datafield><datafield ind1="0" ind2="0" tag="785"><subfield code="t">Benton-Warren County news in the Oxford gazette</subfield><subfield code="w">(DLC)sn 93049020</subfield><subfield code="w">(OCoLC)29430961</subfield></datafield></record>